@inproceedings{Quimper:2005,
    author    = {Claude{-}Guy Quimper and Toby Walsh},
    title     = {The All Different and Global Cardinality Constraints on Set, Multiset and Tuple Variables},
    booktitle = {Recent Advances in Constraints, Joint ERCIM/CoLogNET International
        Workshop on Constraint Solving and Constraint Logic Programming, {CSCLP}
        2005, Uppsala, Sweden, June 20-22, 2005, Revised Selected and Invited
            Papers},
    pages     = {1--13},
    year      = {2005},
    url       = {http://dx.doi.org/10.1007/11754602_1},
    doi       = {10.1007/11754602_1},
    timestamp = {Mon, 19 Jun 2006 13:11:04 +0200},
    biburl    = {http://dblp.uni-trier.de/rec/bib/conf/csclp/QuimperW05},
    bibsource = {dblp computer science bibliography, http://dblp.org}
}

@article{Chen:2001,
  author    = {Xinguang Chen and Peter van Beek},
  title     = {Conflict-Directed Backjumping Revisited},
  journal   = {J. Artif. Intell. Res. {(JAIR)}},
  volume    = {14},
  pages     = {53--81},
  year      = {2001},
  url       = {http://dx.doi.org/10.1613/jair.788},
  doi       = {10.1613/jair.788},
  timestamp = {Fri, 11 Jun 2010 09:48:12 +0200},
  biburl    = {http://dblp.uni-trier.de/rec/bib/journals/jair/ChenB01},
  bibsource = {dblp computer science bibliography, http://dblp.org}
}

@inproceedings{Regin:1994,
    author    = {Jean{-}Charles R{\'{e}}gin},
    title     = {A Filtering Algorithm for Constraints of Difference in {CSPs}},
    booktitle = {Proceedings of the 12th National Conference on Artificial Intelligence,
        Seattle, WA, USA, July 31 - August 4, 1994, Volume 1.},
    pages     = {362--367},
    year      = {1994},
    url       = {http://www.aaai.org/Library/AAAI/1994/aaai94-055.php},
    timestamp = {Tue, 11 Dec 2012 17:40:41 +0100},
    biburl    = {http://dblp.uni-trier.de/rec/bib/conf/aaai/Regin94},
    bibsource = {dblp computer science bibliography, http://dblp.org}
}

@inproceedings{Bessiere:1996,
    author    = {Christian Bessi{\`{e}}re and Jean{-}Charles R{\'{e}}gin},
    title     = {{MAC} and Combined Heuristics: Two Reasons to Forsake {FC} (and CBJ?) on Hard Problems},
    booktitle = {Proceedings of the Second International Conference on Principles and
        Practice of Constraint Programming, Cambridge, Massachusetts, USA,
        August 19-22, 1996},
    pages     = {61--75},
    year      = {1996},
    url       = {http://dx.doi.org/10.1007/3-540-61551-2_66},
    doi       = {10.1007/3-540-61551-2_66},
    timestamp = {Fri, 24 Jun 2011 20:39:31 +0200},
    biburl    = {http://dblp.uni-trier.de/rec/bib/conf/cp/BessiereR96},
    bibsource = {dblp computer science bibliography, http://dblp.org}
}

@article{Prosser:1993a,
    author    = {Patrick Prosser},
    title     = {Hybrid Algorithms for the Constraint Satisfaction Problem},
    journal   = {Computational Intelligence},
    volume    = {9},
    pages     = {268--299},
    year      = {1993},
    url       = {http://dx.doi.org/10.1111/j.1467-8640.1993.tb00310.x},
    doi       = {10.1111/j.1467-8640.1993.tb00310.x},
    timestamp = {Sat, 14 Apr 2012 16:35:12 +0200},
    biburl    = {http://dblp.uni-trier.de/rec/bib/journals/ci/Prosser93},
    bibsource = {dblp computer science bibliography, http://dblp.org}
}


@inproceedings{Audemard:2014,
    author    = {Gilles Audemard and Christophe Lecoutre and Mouny Samy Modeliar and Gilles Goncalves and Daniel Porumbel},
    title     = {Scoring-Based Neighborhood Dominance for the Subgraph Isomorphism Problem},
    booktitle = {Principles and Practice of Constraint Programming - 20th International
        Conference, {CP} 2014, Lyon, France, September 8-12, 2014. Proceedings},
    pages     = {125--141},
    year      = {2014},
    url       = {http://dx.doi.org/10.1007/978-3-319-10428-7_12},
    doi       = {10.1007/978-3-319-10428-7_12},
    timestamp = {Wed, 10 Sep 2014 14:36:56 +0200},
    biburl    = {http://dblp.uni-trier.de/rec/bib/conf/cp/AudemardLMGP14},
    bibsource = {dblp computer science bibliography, http://dblp.org}
}

@article{Solnon:2010,
    author    = {Christine Solnon},
    title     = {AllDifferent-based filtering for subgraph isomorphism},
    journal   = {Artif. Intell.},
    volume    = {174},
    number    = {12-13},
    pages     = {850--864},
    year      = {2010},
    url       = {http://dx.doi.org/10.1016/j.artint.2010.05.002},
    doi       = {10.1016/j.artint.2010.05.002},
    timestamp = {Thu, 09 Sep 2010 10:40:31 +0200},
    biburl    = {http://dblp.uni-trier.de/rec/bib/journals/ai/Solnon10},
    bibsource = {dblp computer science bibliography, http://dblp.org}
}

@article{Cordella:2004,
    author    = {Luigi P. Cordella and Pasquale Foggia and Carlo Sansone and Mario Vento},
    title     = {A (Sub)Graph Isomorphism Algorithm for Matching Large Graphs},
    journal   = {{IEEE} Trans. Pattern Anal. Mach. Intell.},
    volume    = {26},
    number    = {10},
    pages     = {1367--1372},
    year      = {2004},
    url       = {http://doi.ieeecomputersociety.org/10.1109/TPAMI.2004.75},
    doi       = {10.1109/TPAMI.2004.75},
    timestamp = {Wed, 26 Oct 2011 12:01:25 +0200},
    biburl    = {http://dblp.uni-trier.de/rec/bib/journals/pami/CordellaFSV04},
    bibsource = {dblp computer science bibliography, http://dblp.org}
}

@article{Larrosa:2002,
    author    = {Javier Larrosa and Gabriel Valiente},
    title     = {Constraint Satisfaction Algorithms for Graph Pattern Matching},
    journal   = {Mathematical Structures in Computer Science},
    volume    = {12},
    number    = {4},
    pages     = {403--422},
    year      = {2002},
    url       = {http://dx.doi.org/10.1017/S0960129501003577},
    doi       = {10.1017/S0960129501003577},
    timestamp = {Fri, 10 Jun 2011 14:42:28 +0200},
    biburl    = {http://dblp.uni-trier.de/rec/bib/journals/mscs/LarrosaV02},
    bibsource = {dblp computer science bibliography, http://dblp.org}
}

@article{Slater:2014,
    author = {Slater, Noa and Itzchack, Royi and Louzoun, Yoram},
    title = {Mid size cliques are more common in real world networks than triangles},
    journal = {Network Science},
    volume = {2},
    issue = {03},
    month = {12},
    year = {2014},
    issn = {2050-1250},
    pages = {387--402},
    numpages = {16},
    doi = {10.1017/nws.2014.22},
    URL = {http://journals.cambridge.org/article_S2050124214000228},
}

@inproceedings{MacIntyre:1998,
    author    = {Ewan MacIntyre and Patrick Prosser and Barbara M. Smith and Toby Walsh},
    editor    = {Michael J. Maher and Jean{-}Francois Puget},
    title     = {Random Constraint Satisfaction: Theory Meets Practice},
    booktitle = {Principles and Practice of Constraint Programming - CP98, 4th International Conference, Pisa, Italy, October 26-30, 1998, Proceedings},
    series    = {Lecture Notes in Computer Science},
    volume    = {1520},
    pages     = {325--339},
    publisher = {Springer},
    year      = {1998},
    url       = {http://dx.doi.org/10.1007/3-540-49481-2_24},
    doi       = {10.1007/3-540-49481-2_24},
    timestamp = {Fri, 17 Jun 2011 14:10:20 +0200},
    biburl    = {http://dblp.uni-trier.de/rec/bib/conf/cp/MacIntyrePW98},
    bibsource = {dblp computer science bibliography, http://dblp.org}
}

@Article{Bonnici:2013,
    AUTHOR = {Bonnici, Vincenzo and Giugno, Rosalba and Pulvirenti, Alfredo and Shasha, Dennis and Ferro, Alfredo},
    TITLE = {A subgraph isomorphism algorithm and its application to biochemical data},
    JOURNAL = {BMC Bioinformatics},
    VOLUME = {14},
    YEAR = {2013},
    NUMBER = {Suppl 7},
    PAGES = {S13},
    URL = {http://www.biomedcentral.com/1471-2105/14/S7/S13},
    DOI = {10.1186/1471-2105-14-S7-S13},
    PubMedID = {23815292},
    ISSN = {1471-2105},
}

@article{Solnon:2015,
    title = "On the complexity of submap isomorphism and maximum common submap problems ",
    journal = "Pattern Recognition ",
    volume = "48",
    number = "2",
    pages = "302 - 316",
    year = "2015",
    note = "",
    issn = "0031-3203",
    doi = "http://dx.doi.org/10.1016/j.patcog.2014.05.019",
    url = "http://www.sciencedirect.com/science/article/pii/S0031320314002192",
    author = "Christine Solnon and Guillaume Damiand and Colin de la Higuera and Jean-Christophe Janodet",
    keywords = "Generalized map",
    keywords = "Submap isomorphism",
    keywords = "Maximum common submap",
    keywords = "Complexity",
    keywords = "Plane graph",
    keywords = "Fixed-Parameter Tractable (FPT) "
}

@article{Damiand:2011,
    title = "Polynomial algorithms for subisomorphism of {$n$D} open combinatorial maps ",
    journal = "Computer Vision and Image Understanding ",
    volume = "115",
    number = "7",
    pages = "996 - 1010",
    year = "2011",
    note = "Special issue on Graph-Based Representations in Computer Vision ",
    issn = "1077-3142",
    doi = "http://dx.doi.org/10.1016/j.cviu.2010.12.013",
    url = "http://www.sciencedirect.com/science/article/pii/S1077314211000816",
    author = "Guillaume Damiand and Christine Solnon and Colin de la Higuera and Jean-Christophe Janodet and \'{E}milie Samuel",
    keywords = "Open combinatorial maps",
    keywords = "Isomorphism and subisomorphism",
    keywords = "Pattern detection",
    keywords = "2D and 3D images "
}

@article{Conte:2004,
    author = {Conte, D. and Foggia, P. and Sansone, C. and Vento, M.},
    title = {Thirty years of graph matching in pattern recognition},
    journal = {International Journal of Pattern Recognition and Artificial Intelligence},
    volume = {18},
    number = {03},
    pages = {265-298},
    year = {2004},
    doi = {10.1142/S0218001404003228},
    URL = {http://www.worldscientific.com/doi/abs/10.1142/S0218001404003228},
    eprint = {http://www.worldscientific.com/doi/pdf/10.1142/S0218001404003228}
}

@article{Coffman:2004,
    author = {Coffman, Thayne and Greenblatt, Seth and Marcus, Sherry},
    title = {Graph-based Technologies for Intelligence Analysis},
    journal = {Commun. ACM},
    issue_date = {March 2004},
    volume = {47},
    number = {3},
    month = mar,
    year = {2004},
    issn = {0001-0782},
    pages = {45--47},
    numpages = {3},
    url = {http://doi.acm.org/10.1145/971617.971643},
    doi = {10.1145/971617.971643},
    acmid = {971643},
    publisher = {ACM},
    address = {New York, NY, USA},
}

@incollection{Lobachev:2012,
    year={2012},
    isbn={978-3-642-29821-9},
    booktitle={Functional and Logic Programming},
    volume={7294},
    series={Lecture Notes in Computer Science},
    editor={Schrijvers, Tom and Thiemann, Peter},
    doi={10.1007/978-3-642-29822-6_17},
    title={Parallel Computation Skeletons with Premature Termination Property},
    url={http://dx.doi.org/10.1007/978-3-642-29822-6_17},
    publisher={Springer Berlin Heidelberg},
    author={Lobachev, Oleg},
    pages={197-212},
    language={English}
}

@inproceedings{Harvey:1995,
    author    = {William D. Harvey and Matthew L. Ginsberg},
    title     = {Limited Discrepancy Search},
    booktitle = {IJCAI (1)},
    year      = {1995},
    pages     = {607-615},
    bibsource = {DBLP, http://dblp.uni-trier.de},
    publisher = {Morgan Kaufmann},
    address = {San Francisco, CA, USA}
}

@incollection{Chu:2009,
    year={2009},
    isbn={978-3-642-04243-0},
    booktitle={Principles and Practice of Constraint Programming - CP 2009},
    volume={5732},
    series={Lecture Notes in Computer Science},
    editor={Gent, Ian P.},
    doi={10.1007/978-3-642-04244-7_20},
    title={Confidence-Based Work Stealing in Parallel Constraint Programming},
    url={http://dx.doi.org/10.1007/978-3-642-04244-7_20},
    publisher={Springer Berlin Heidelberg},
    author={Chu, Geoffrey and Schulte, Christian and Stuckey, Peter J.},
    pages={226-241},
    language={English}
}

@article{Zampelli:2010,
    year={2010},
    issn={1383-7133},
    journal={Constraints},
    volume={15},
    number={3},
    doi={10.1007/s10601-009-9074-3},
    title={Solving subgraph isomorphism problems with constraint programming},
    url={http://dx.doi.org/10.1007/s10601-009-9074-3},
    publisher={Springer US},
    keywords={Subgraph isomorphism; Global constraint; Filtering algorithm},
    author={Zampelli, St\'{e}phane and Deville, Yves and Solnon, Christine},
    pages={327-353},
    language={English}
}

@incollection{Smith:1997,
    year={1997},
    isbn={978-3-540-63753-0},
    booktitle={Principles and Practice of Constraint Programming-CP97},
    volume={1330},
    series={Lecture Notes in Computer Science},
    editor={Smolka, Gert},
    doi={10.1007/BFb0017439},
    title={Modelling exceptionally hard constraint satisfaction problems},
    url={http://dx.doi.org/10.1007/BFb0017439},
    publisher={Springer Berlin Heidelberg},
    author={Smith, Barbara M. and Grant, Stuart A.},
    pages={182-195},
    language={English}
}

@incollection{deBruin:1995,
    year={1995},
    isbn={978-3-540-60321-4},
    booktitle={Parallel Algorithms for Irregularly Structured Problems},
    volume={980},
    series={Lecture Notes in Computer Science},
    editor={Ferreira, Afonso and Rolim, José},
    doi={10.1007/3-540-60321-2_29},
    title={Asynchronous parallel branch and bound and anomalies},
    url={http://dx.doi.org/10.1007/3-540-60321-2_29},
    publisher={Springer Berlin Heidelberg},
    address={Berlin, Heidelberg},
    author={de Bruin, A. and Kindervater, G.A.P. and Trienekens, H.W.J.M.},
    pages={363-377}
}

@PhdThesis{Trienekens:1990,
    title={Parallel Branch and Bound Algorithms},
    author={Harry W.J.M. Trienekens},
    school={Erasmus University Rotterdam},
    year={1990}
}

@phdthesis{Regin:1995,
    title={D{\'e}veloppement d'outils algorithmiques pour l'Intelligence Artificielle. Application {\`a} la chimie organique},
    author={R{\'e}gin, Jean-Charles},
    school={Universit{\'e} Montpellier 2},
    year={1995}
}

@article{Sevegnani:2015,
    title = "Bigraphs with sharing ",
    journal = "Theoretical Computer Science ",
    volume = "577",
    number = "0",
    pages = "43 - 73",
    year = "2015",
    note = "",
    issn = "0304-3975",
    doi = "http://dx.doi.org/10.1016/j.tcs.2015.02.011",
    url = "http://www.sciencedirect.com/science/article/pii/S0304397515001085",
    author = "Michele Sevegnani and Muffy Calder",
    keywords = "Bigraphs",
    keywords = "Matching",
    keywords = "Spatial models",
    keywords = "Semantics",
    keywords = "Rewriting ",
}

@inproceedings{Geelen:1992,
    author    = {P. A. Geelen},
    title     = {Dual Viewpoint Heuristics for Binary Constraint Satisfaction Problems},
    booktitle = {{ECAI}},
    pages     = {31--35},
    year      = {1992},
    timestamp = {Thu, 03 Jan 2002 11:56:54 +0100},
    biburl    = {http://dblp.uni-trier.de/rec/bib/conf/ecai/Geelen92},
    bibsource = {dblp computer science bibliography, http://dblp.org}
}

@article{Gent:2008,
    title = "Generalised arc consistency for the AllDifferent constraint: An empirical survey ",
    journal = "Artificial Intelligence ",
    volume = "172",
    number = "18",
    pages = "1973 - 2000",
    year = "2008",
    note = "Special Review Issue ",
    issn = "0004-3702",
    doi = "http://dx.doi.org/10.1016/j.artint.2008.10.006",
    url = "http://www.sciencedirect.com/science/article/pii/S0004370208001410",
    author = "Ian P. Gent and Ian Miguel and Peter Nightingale",
    keywords = "Constraint programming",
    keywords = "Constraint satisfaction problems",
    keywords = "Global constraints",
    keywords = "AllDifferent ",
}

@article{Ullmann:1976,
    title={An algorithm for subgraph isomorphism},
    author={Ullmann, Julian R},
    journal={Journal of the ACM (JACM)},
    volume={23},
    number={1},
    pages={31--42},
    year={1976},
    publisher={ACM}
}

@inproceedings{Prosser:1993b,
    author = {Prosser, Patrick},
    title = {Domain Filtering Can Degrade Intelligent Backtracking Search},
    booktitle = {Proceedings of the 13th International Joint Conference on Artifical Intelligence - Volume 1},
    series = {IJCAI'93},
    year = {1993},
    location = {Chambery, France},
    pages = {262--267},
    numpages = {6},
    url = {http://dl.acm.org/citation.cfm?id=1624025.1624062},
    acmid = {1624062},
    publisher = {Morgan Kaufmann Publishers Inc.},
    address = {San Francisco, CA, USA},
}

@incollection{Gent:2010,
    year={2010},
    isbn={978-3-642-11502-8},
    booktitle={Practical Aspects of Declarative Languages},
    volume={5937},
    series={Lecture Notes in Computer Science},
    editor={Carro, Manuel and Peña, Ricardo},
    doi={10.1007/978-3-642-11503-5_19},
    title={Lazy Explanations for Constraint Propagators},
    url={http://dx.doi.org/10.1007/978-3-642-11503-5_19},
    publisher={Springer Berlin Heidelberg},
    keywords={Constraint programming; explanations; learning},
    author={Gent, Ian P. and Miguel, Ian and Moore, Neil C.A.},
    pages={217-233},
    language={English}
}

@INPROCEEDINGS{Habbas:1997,
    author={Habbas, Z. and Herrmann, F. and Merel, P.-P. and Singer, D.},
    booktitle={Parallel and Distributed Systems, 1997. Proceedings., 1997 International Conference on},
    title={Load balancing strategies for parallel forward search algorithm with conflict based backjumping},
    year={1997},
    month={Dec},
    pages={376-381},
    keywords={computational complexity;constraint handling;parallel algorithms;performance evaluation;resource allocation;search problems;NP-complete family;backtracking search algorithms;conflict based backjumping;constraints satisfaction problems;explicit formulation;generic parallel search algorithm;load balancing;load balancing strategies;parallel FC-CBJ;parallel forward search algorithm;performance comparisons;phase transition phenomenon;randomly generated binary CSPs;tree-search splitting;Algorithm design and analysis;Computational efficiency;Heuristic algorithms;Intelligent systems;Load management;Tree graphs},
    doi={10.1109/ICPADS.1997.652576}
}

@inproceedings{Cope:2000,
    author    = {Michelle Cope and Ian P. Gent and Kevin Hammond},
    title     = {Parallel heuristic search in {Haskell}},
    booktitle = {Selected papers from the 2nd Scottish Functional Programming Workshop
        (SFP00), University of St Andrews, Scotland, July 26th to 28th, 2000},
    pages     = {65--76},
    year      = {2000},
    timestamp = {Wed, 22 Jan 2003 13:23:45 +0100},
    biburl    = {http://dblp.uni-trier.de/rec/bib/conf/sfp/CopeGH00},
    bibsource = {dblp computer science bibliography, http://dblp.org}
}

@INPROCEEDINGS{Conrad:1994,
    author={Conrad, J.M. and Mathew, J.},
    booktitle={Parallel Processing, 1994. ICPP 1994 Volume 3. International Conference on},
    title={A Backjumping Search Algorithm for a Distributed Memory Multicomputer},
    year={1994},
    month={Aug},
    volume={3},
    pages={243-246},
    keywords={Backjumping;Backtracking;Multi-computer;Parallel Algorithm.},
    doi={10.1109/ICPP.1994.13},
    ISSN={0190-3918},
}

@inproceedings{VanKessel:2012,
    author    = {Philippe Van Kessel and Claude{-}Guy Quimper},
    title     = {Filtering Algorithms Based on the Word-{RAM} Model},
    booktitle = {Proceedings of the Twenty-Sixth {AAAI} Conference on Artificial Intelligence,
        July 22-26, 2012, Toronto, Ontario, Canada.},
    year      = {2012},
    url       = {http://www.aaai.org/ocs/index.php/AAAI/AAAI12/paper/view/5135},
    timestamp = {Thu, 31 Jul 2014 11:17:14 +0200},
    biburl    = {http://dblp.uni-trier.de/rec/bib/conf/aaai/KesselQ12},
    bibsource = {dblp computer science bibliography, http://dblp.org}
}

@inproceedings{Puget:1998,
    author    = {Jean{-}Francois Puget},
    title     = {A Fast Algorithm for the Bound Consistency of alldiff Constraints},
    booktitle = {Proceedings of the Fifteenth National Conference on Artificial Intelligence
        and Tenth Innovative Applications of Artificial Intelligence Conference,
        {AAAI} 98, {IAAI} 98, July 26-30, 1998, Madison, Wisconsin, {USA.}},
    pages     = {359--366},
    year      = {1998},
    url       = {http://www.aaai.org/Library/AAAI/1998/aaai98-051.php},
    timestamp = {Tue, 11 Dec 2012 12:57:22 +0100},
    biburl    = {http://dblp.uni-trier.de/rec/bib/conf/aaai/Puget98},
    bibsource = {dblp computer science bibliography, http://dblp.org}
}

@article{McGregor:1979,
    author    = {J. J. McGregor},
    title     = {Relational consistency algorithms and their application in finding
        subgraph and graph isomorphisms},
    journal   = {Inf. Sci.},
    volume    = {19},
    number    = {3},
    pages     = {229--250},
    year      = {1979},
    url       = {http://dx.doi.org/10.1016/0020-0255(79)90023-9},
    doi       = {10.1016/0020-0255(79)90023-9},
    timestamp = {Thu, 24 Jun 2004 09:54:04 +0200},
    biburl    = {http://dblp.uni-trier.de/rec/bib/journals/isci/McGregor79},
    bibsource = {dblp computer science bibliography, http://dblp.org}
}

@book{Malitsky:2014,
    author    = {Yuri Malitsky},
    title     = {Instance-Specific Algorithm Configuration},
    publisher = {Springer},
    year      = {2014},
    url       = {http://dx.doi.org/10.1007/978-3-319-11230-5},
    doi       = {10.1007/978-3-319-11230-5},
    isbn      = {978-3-319-11229-9},
    timestamp = {Fri, 21 Nov 2014 14:08:51 +0100},
    biburl    = {http://dblp.uni-trier.de/rec/bib/books/sp/Malitsky14},
    bibsource = {dblp computer science bibliography, http://dblp.org}
}

@article{McCreesh:2015,
    author = {McCreesh, Ciaran and Prosser, Patrick},
    title = {The Shape of the Search Tree for the Maximum Clique Problem and the Implications for Parallel Branch and Bound},
    journal = {ACM Trans. Parallel Comput.},
    issue_date = {May 2015},
    volume = {2},
    number = {1},
    month = apr,
    year = {2015},
    issn = {2329-4949},
    pages = {8:1--8:27},
    articleno = {8},
    numpages = {27},
    url = {http://doi.acm.org/10.1145/2742359},
    doi = {10.1145/2742359},
    acmid = {2742359},
    publisher = {ACM},
    address = {New York, NY, USA},
    keywords = {Heuristics, irregular parallel problems, maximum clique problem, multi-core algorithms, parallel branch and bound},
}

@article{Giugno:2013,
    author = {Giugno, Rosalba AND Bonnici, Vincenzo AND Bombieri, Nicola AND Pulvirenti, Alfredo AND Ferro, Alfredo AND Shasha, Dennis},
    journal = {PLoS ONE},
    publisher = {Public Library of Science},
    title = {GRAPES: A Software for Parallel Searching on Biological Graphs Targeting Multi-Core Architectures},
    year = {2013},
    month = {10},
    volume = {8},
    url = {http://dx.doi.org/10.1371%2Fjournal.pone.0076911},
    pages = {e76911},
    number = {10},
    doi = {10.1371/journal.pone.0076911}
}

@INPROCEEDINGS{SanSegundo:2007,
    author={San Segundo, P. and Rodriguez-Losada, D. and Galan, R. and Matía, F. and Jimenez, A.},
    booktitle={Tools with Artificial Intelligence, 2007. ICTAI 2007. 19th IEEE International Conference on},
    title={Exploiting {CPU} Bit Parallel Operations to Improve Efficiency in Search},
    year={2007},
    month={Oct},
    volume={1},
    pages={53-59},
    keywords={graph theory;optimisation;parallel processing;search problems;CPU bit parallel operations;CPU register;NP-hard combinatorial problem;graph domain;maximum clique problem;optimization discipline;search algorithms;search problems;Application software;Artificial intelligence;Buildings;Computer vision;Concrete;Concurrent computing;Intelligent control;Parallel processing;Search problems;Signal processing algorithms},
    doi={10.1109/ICTAI.2007.40},
    ISSN={1082-3409}
}

@article{Ullmann:2011,
    author = {Ullmann, Julian R.},
    title = {Bit-vector Algorithms for Binary Constraint Satisfaction and Subgraph Isomorphism},
    journal = {J. Exp. Algorithmics},
    issue_date = {2010},
    volume = {15},
    month = feb,
    year = {2011},
    issn = {1084-6654},
    pages = {1.6:1.1--1.6:1.64},
    articleno = {1.6},
    numpages = {1.54},
    url = {http://doi.acm.org/10.1145/1671970.1921702},
    doi = {10.1145/1671970.1921702},
    acmid = {1921702},
    publisher = {ACM},
    address = {New York, NY, USA},
    keywords = {AllDifferent constraint, backtrack, binary constraints, bit-vector, constraint propagation, constraint satisfaction, domain reduction, focus search, forward checking, graph indexing, molecule matching, prematching, signature file, subgraph isomorphism},
} 

